<?xml version="1.0" encoding="UTF-8"?><collection xmlns="http://www.loc.gov/MARC21/slim"><record><leader>00402nam--2200133-i-4500</leader><controlfield tag="001">000046480</controlfield><controlfield tag="002">20161230</controlfield><controlfield tag="005">20161230201046</controlfield><controlfield tag="008">060222s1000------------r-----000-0-eng-d</controlfield><datafield ind1=" " ind2=" " tag="080"><subfield code="a">615.7</subfield></datafield><datafield ind1=" " ind2=" " tag="100"><subfield code="a">Viguier,Pierre</subfield></datafield><datafield ind1=" " ind2=" " tag="245"><subfield code="a">Etude de l`action therapeutique et des effets secondaires de la ledopa dans le traitement des ....these</subfield></datafield><datafield ind1=" " ind2=" " tag="260"><subfield code="a">Toulouse, Univ.Paul Sabatier, 1972. 109 P</subfield></datafield><datafield ind1=" " ind2=" " tag="852"><subfield code="a">40703</subfield></datafield></record></collection>